
\usepackage{url}

@misc{cqrs_docs,
    author={Greg Young},
    title={CQRS Documents by Greg Young},
    url={https://cqrs.files.wordpress.com/2010/11/cqrs_documents.pdf},
    urldate={2018-04-03},
    journal={cqrs.files.wordpress.com},
    year={2010}
},