
\usepackage{url}

@article{sagas_publ,
title={Sagas},
volume={16},
DOI={10.1145/38714.38742},
number={3},
journal={ACM SIGMOD Record},
author={Garcia-Molina, Hector and Salem, Kenneth},
year={1987},
pages={249-259}
},

@book{java_tran_processing,
place={Upper Saddle River},
title={Java transaction processing},
publisher={Prentice Hall},
author={Little, Mark and Maron, Jonathan and Pavlik, Greg},
year={2004}
},

@misc{nar_wf,
author={Musgrove, Michael},
title={Narayana + WildFly},
url={https://developer.jboss.org/servlet/JiveServlet/download/53044-3-129391/jbug-brno-transactions.pdf},
urldate={2017-10-14},
journal={developer.jboss.org},
year={2015}
},

@article{haerder_reuter_1983,
title={Principles of transaction-oriented database recovery},
volume={15},
DOI={10.1145/289.291},
number={4},
journal={ACM Computing Surveys},
author={Haerder, Theo and Reuter, Andreas},
year={1983},
pages={287-317}
},

@misc{fuse_esb,
url={https://access.redhat.com/documentation/en-US/Fuse_ESB_Enterprise/7.1/html/EIP_Transaction_Guide/files/TxnManagers-WhatIs.html},
journal={Access.redhat.com},
year={2017}
},

@misc{axon_framework,
	author={Axon framework},
	title={{Axon framework}},
	url={http://www.axonframework.org/},
	urldate={2017-12-28},
	year={2017}
},

@misc{eventuate.io,
	author={Eventuate.io},
	title={{Eventuate.io}},
	url={http://eventuate.io/},
	urldate={2017-12-28},
	year={2017}
},

@misc{narayana_lra,
	author={Narayana},
	title={{Narayana LRA}},
	url={https://github.com/eclipse/microprofile-sandbox/tree/master/proposals/0009-LRA},
	urldate={2017-12-28},
	year={2017}
},

@misc{maven,
    author={Porter, Brett and Zyl, Jason and Lamy, Olivier},
    title={Maven},
    url={https://maven.apache.org/},
    urldate={2018-01-23},
    year={2018}
},

@misc{docker,
    title={Docker},
    url={https://www.docker.com/},
    urldate={2018-01-24},
    journal={Docker},
    year={2018}
},

@misc{docker_compose,
    title={Docker compose},
    url={https://docs.docker.com/compose/},
    urldate={2018-01-24},
    journal={Docker Documentation},
    year={2018}
},

@misc{axon_framework_reference_guide,
    title={Axon framework reference guide},
    author={{Axon community}},
    url={https://docs.axonframework.org/v/3.1/},
    urldate={2018-01-26},
    journal={Docs.axonframework.org},
    year={2018}
},

@misc{service_registration,
    title={Netflix service registration and discovery},
    author={{Spring community}},
    url={https://spring.io/guides/gs/service-registration-and-discovery/},
    urldate={2018-01-26},
    journal={Spring.io},
    year={2018}
},

@misc{rabbitmq,
    title={RabbitMQ},
    author={{Pivotal software}},
    url={https://www.rabbitmq.com/},
    urldate={2018-01-26},
    journal={Rabbitmq.com},
    year={2018}
},

@misc{spring_boot,
    author={{Spring community}},
    title={{Spring Boot}},
    url={http://projects.spring.io/spring-boot/},
    urldate={2018-01-27},
    journal={Projects.spring.io},
    year={2018}
},

@misc{gradle,
    title={Gradle},
    author={{Gradle Inc.}},
    url={https://gradle.org/},
    urldate={2018-01-27},
    journal={Gradle},
    year={2018}
},

@misc{apache_zookeeper,
    title={Apache Zookeeper},
    author={{Apache software foundation}},
    url={https://zookeeper.apache.org/},
    urldate={2018-01-27},
    journal={Zookeeper.apache.org},
    year={2018}
},

@misc{gupta_2018,
    title={WildFly Swarm: Building Microservices with Java EE},
    url={http://blog.arungupta.me/wildfly-swarm-microservices-javaee/},
    journal={Miles to go 4.0 ...},
    author={Gupta, Arun},
    year={2018}
},

@misc{wildfly_swarm,
    author={{WildFly-Swarm community}},
    title={{WildFly Swarm User's Guide}},
    url={https://wildfly-swarm.gitbooks.io/wildfly-swarm-users-guide/content/index.html},
    urldate={2018-02-05},
    journal={Wildfly-swarm.gitbooks.io},
    year={2016}
},

@misc{openshift,
    author={{Red Hat, Inc.}},
    title={{OpenShift container application platform}},
    url={https://www.openshift.com/},
    urldate={2018-02-06},
    journal={Openshift.com},
    year={2018}
},

@misc{openshift_io,
    author={{{Red Hat, Inc.}}},
    title={OpenShift.io},
    url={https://openshift.io/},
    urldate={2017-02-06},
    journal={Openshift.io},
    year={2018}
},

@misc{kubernetes,
    author={Kubernetes},
    title={Kubernetes},
    url={https://kubernetes.io/},
    urldate={2018-02-06},
    journal={Kubernetes},
    year={2018}
},

@misc{isolation_levels,
    author={Martin Kleppmann},
    title={Transactions: myths, surprises and opportunities},
    url={https://martin.kleppmann.com/2015/09/26/transactions-at-strange-loop.html},
    urldate={2018-02-23},
    journal={Martin.kleppmann.com},
    year={2018}
},

@misc{reactive_manifesto,
    author={Jonas Bonér and Dave Farley and Roland Kuhn and Martin Thompson},
    title={Reactive manifesto},
    url={https://www.reactivemanifesto.org/},
    urldate={2018-03-19},
    journal={Reactivemanifesto.org},
    year={2018}
},

@book{reactive_ms_arch,
    place={Sebastopol},
    edition={1},
    title={Reactive microservices architecture},
    publisher={O'Reilly Media, Inc.},
    author={Bonér, Jonas},
    year={2016}
},

@misc{conways_law,
    author={Melvin Conway},
    title={Conway's law},
    url={http://www.melconway.com/Home/Conways_Law.html},
    urldate={2018-03-25},
    journal={Melconway.com},
    year={2018}
},

@misc{rxJava,
    author={{RxJava community}},
    title={RxJava},
    url={https://github.com/ReactiveX/RxJava},
    urldate={2018-03-26},
    journal={GitHub},
    year={2018}
},

@misc{5thingsAboutRP_RHDev,
    author={Clement Escoffier},
    title={5 Things to Know About Reactive Programming},
    url={https://developers.redhat.com/blog/2017/06/30/5-things-to-know-about-reactive-programming/},
    urldate={2018-03-26},
    journal={RHD Blog},
    year={2017}
},

@book{prac_ms,
    place={Livery Place},
    edition={1},
    title={Practical Microservices},
    publisher={Packt Publishing Ltd.},
    author={Sharma, Umesh Ram},
    year={2017}
},

@misc{applying_saga_pattern,
    author={Caitie McCaffrey},
    title={Applying the Saga Pattern},
    url={https://speakerdeck.com/caitiem20/applying-the-saga-pattern},
    urldate={2018-03-26},
    journal={Caitie McCaffrey},
    year={2015}
},

@book{java_transaction_design_strategies,
    place={USA},
    edition={1},
    title={Java transaction design strategies},
    publisher={C4Media},
    author={Richards, Mark},
    year={2006}
},

@book{building_reactive_ms_in_java,
    place={Sebastopol},
    edition={1},
    title={Building Reactive Microservices in Java},
    publisher={O'Reilly Media, Inc.},
    author={Escoffier, Clement},
    year={2017}
},

@misc{spring_transaction_management_documentation,
    author={{Spring community}},
    title={{Spring documentation/Transaction Management}},
    url={https://docs.spring.io/spring/docs/current/spring-framework-reference/data-access.html#transaction},
    urldate={2018-03-29},
    journal={https://docs.spring.io},
    year={2018}
},

@article{mvn_architecture,
    title={MVC Architecture Driven Design and Implementation of Java Framework for Developing Desktop Application},
    volume={7},
    DOI={0.14257/ijhit.2014.7.5.29},
    number={5},
    journal={International Journal of Hybrid Information Technology},
    author={Iqbal H. Sarker and K. Apu},
    year={2014},
    pages={317-322}
},

@misc{monolithic_arch,
    author={Richardson, Chris},
    title={Pattern: Monolithic Architecture},
    url={http://microservices.io/patterns/monolithic.html},
    urldate={2018-03-30},
    journal={microservices.io},
    year={2017}
},

@article{learning_curve,
    title={All About Learning Curves},
    journal={Galorath Incorporated},
    author={{E. Stump P.E.}},
    year={2014}
},

@article{hasselbring_steinacker_2017,
    title={Microservice Architectures for Scalability, Agility and Reliability in E-Commerce},
    DOI={10.1109/icsaw.2017.11},
    journal={2017 IEEE International Conference on Software Architecture Workshops (ICSAW)},
    author={Hasselbring, Wilhelm and Steinacker, Guido},
    year={2017}
},

@article{ms_arch_ecommerce,
    title={Microservice Architectures for Scalability, Agility and Reliability in E-Commerce},
    DOI={10.1109/icsaw.2017.11},
    journal={2017 IEEE International Conference on Software Architecture Workshops (ICSAW)},
    author={Hasselbring, Wilhelm and Steinacker, Guido},
    year={2017}
},

@article{law_of_demeter,
    title={Assuring good style for object-oriented programs},
    volume={6},
    DOI={10.1109/52.35588},
    number={5},
    journal={IEEE Software},
    author={Lieberherr, K.J. and Holland, I.M.},
    year={1989},
    pages={38-48}
},

@book{agile_ppp_c,
    place={Upper Saddle River, NJ},
    edition={1},
    title={Agile principles, patterns, and practices in C\#},
    publisher={Prentice Hall},
    author={Martin, Robert C and Martin, Micah},
    year={2006}
},

@article{unix_time_sharing_foreword,
    title={UNIX Time-Sharing System: Foreword},
    volume={57},
    DOI={10.1002/j.1538-7305.1978.tb02135.x},
    number={6},
    journal={Bell System Technical Journal},
    author={McIlroy, M. D. and Pinson, E. N. and Tague, B. A.},
    year={1978},
    pages={1899-1904}
},

@book{building_ms,
    place={Sebastopol},
    edition={1},
    title={Building Microservices},
    publisher={O'Reilly Media, Inc.},
    author={Newman, Sam},
    year={2015}
},

@bachelorsthesis{bachelor_thesis,
    author       = {Štefanko, Martin}, 
    title        = {Messaging providers in the SilverWare microservices platform},
    school       = {Masaryk University, Faculty of Informatics},
    year         = 2016,
    address      = {Botanická 68a, Brno, Czech republic},
    month        = 6
},

@book{ddd,
    place={Boston, Mass.},
    title={Domain-driven design},
    publisher={Addison-Wesley},
    author={Evans, Eric},
    year={2003}
},

@article{chor_and_orch,
    title={Choreography and Orchestration Conformance for System Design},
    DOI={10.1007/11767954_5},
    journal={Lecture Notes in Computer Science},
    author={Busi, Nadia and Gorrieri, Roberto and Guidi, Claudio and Luchi roberto and Zavattaro, Gianluigi},
    year={2006},
    pages={63–81}
},

@article{service_oriented_design,
    doi = {10.1142/s0218843004001012},
    url = {https://doi.org/10.1142%2Fs0218843004001012},
    year = 2004,
    month = {dec},
    publisher = {World Scientific Pub Co Pte Lt},
    volume = {13},
    number = {04},
    pages = {337--368},
    author = {Remco Dijkman and Marlon Dumas},
    title = {Service-oriented Design: A Multi-viewpoint Approach},
    journal = {International Journal of Cooperative Information Systems}
},

@inproceedings{realtime_ws_orch,
    author = {Benghazi, Kawtar and Noguera, Manuel and Rodr\'{\i}guez-Dom\'{\i}nguez, Carlos and Pelegrina, Ana Bel{\'e}n and Garrido, Jos{\'e} Luis},
    title = {Real-time Web Services Orchestration and Choreography},
    booktitle = {Proceedings of the 6th International Workshop on Enterprise \& Organizational Modeling and Simulation},
    series = {EOMAS '10},
    year = {2010},
    isbn = {978-1-4503-0463-4},
    location = {Hammamet, Tunisia},
    pages = {142--153},
    numpages = {12},
    url = {http://dl.acm.org/citation.cfm?id=1866939.1866952},
    acmid = {1866952},
    publisher = {CEUR-WS.org},
    address = {Aachen, Germany, Germany},
    keywords = {timed-web services, web-services composition},
},

@inbook{blue_green,
    place={Livery Place},
    title={The DevOps 2.0 Toolkit},
    publisher={Packt Publishing Ltd.},
    author={Victor Farcic},
    year={2016},
    pages={222-252}
},

@inbook{canary_deploy,
    place={Upper Saddle River, NJ},
    title={Continuous Delivery: Reliable Software Releases through Build, Test, and Deployment Automation},
    publisher={Addison-Wesley},
    author={Jez Humble and David Farley},
    year={2010},
    pages={263-265}
},

@book{release_it,
    Author = {Michael T. Nygard},
    Title = {Release It!: Design and Deploy Production-Ready Software},
    Publisher = {Pragmatic Bookshelf},
    Year = {2018},
    ISBN = {978-1-68050-239-8}
},

@misc{reactive_streams,
    author={Reactive Streams community},
    title={Reactive Streams},
    url={http://www.reactive-streams.org/},
    urldate={2018-04-01},
    journal={Reactive-streams.org},
    year={2018}
},

@misc{reactive_landscape,
    author={{C. Escoffier}},
    title={{The reactive landscape}},
    url={https://www.slideshare.net/RedHatDevelopers/the-reactive-landscape},
    urldate={2018-04-02},
    journal={http://escoffier.me/},
    year={2018}
},

@book{design_science,
    Author = {Roel J. Wieringa},
    Title = {Design Science Methodology for Information Systems and Software Engineering},
    Publisher = {Springer},
    Year = {2014},
    ISBN = {978-3-662-43838-1}
},

@misc{fallacies,
    author={Arnon Rotem-Gal-Oz},
    title={Fallacies of Distributed Computing Explained},
    url={http://www.rgoarchitects.com/Files/fallacies.pdf},
    urldate={2018-04-02}
},

@misc{spring_cloud,
    title={Spring Cloud},
    url={https://projects.spring.io/spring-cloud/},
    journal={Projects.spring.io},
    author={Pivotal Software, Inc.},
    year={2018}
},

@article{event_consist,
    doi = {10.1145/1435417.1435432},
    year  = {2009},
    month = {jan},
    publisher = {Association for Computing Machinery ({ACM})},
    volume = {52},
    number = {1},
    pages = {40},
    author = {Werner Vogels},
    title = {Eventually consistent},
    journal = {Communications of the {ACM}}
},

@article{persp_cap,
    doi = {10.1109/mc.2011.389},
    year  = {2012},
    month = {feb},
    publisher = {Institute of Electrical and Electronics Engineers ({IEEE})},
    volume = {45},
    number = {2},
    pages = {30--36},
    author = {Seth Gilbert and Nancy Lynch},
    title = {Perspectives on the {CAP} Theorem},
    journal = {Computer}
},

@article{cap_12years,
    doi = {10.1109/mc.2012.37},
    year  = {2012},
    month = {feb},
    publisher = {Institute of Electrical and Electronics Engineers ({IEEE})},
    volume = {45},
    number = {2},
    pages = {23--29},
    author = {E. Brewer},
    title = {{CAP} twelve years later: How the "rules" have changed},
    journal = {Computer}
},

@article{cap_prove,
    doi = {10.1145/564585.564601},
    year  = {2002},
    month = {jun},
    publisher = {Association for Computing Machinery ({ACM})},
    volume = {33},
    number = {2},
    pages = {51},
    author = {Seth Gilbert and Nancy Lynch},
    title = {Brewer's conjecture and the feasibility of consistent,  available,  partition-tolerant web services},
    journal = {{ACM} {SIGACT} News}
},

@article{pacelc,
    doi = {10.1109/mc.2012.33},
    year  = {2012},
    month = {feb},
    publisher = {Institute of Electrical and Electronics Engineers ({IEEE})},
    volume = {45},
    number = {2},
    pages = {37--42},
    author = {Daniel Abadi},
    title = {Consistency Tradeoffs in Modern Distributed Database System Design: {CAP} is Only Part of the Story},
    journal = {Computer}
},

@misc{ms_tradeoffs,
    title={Microservice Trade-Offs},
    url={https://martinfowler.com/articles/microservice-trade-offs.html},
    journal={martinfowler.com},
    author={Fowler, Martin},
    year={2015}
},

@misc{ms_testing_strategies,
    title={Testing Strategies in a Microservice Architecture},
    url={https://martinfowler.com/articles/microservice-testing/},
    journal={martinfowler.com},
    author={Clemson, Toby},
    year={2014}
},

@book{design_data_intens_apps,
    Author = {{M. Kleppmann}},
    Title = {Designing Data-Intensive Applications: The Big Ideas Behind Reliable, Scalable, and Maintainable Systems},
    Publisher = {O'Reilly Media},
    Year = {2017},
    ISBN = {978-1-449-37332-0}
},

@misc{dist_tran_icebergs,
    title={Distributed Transactions: The Icebergs of Microservices},
    url={http://www.grahamlea.com/2016/08/distributed-transactions-microservices-icebergs/},
    journal={Evolvable Me},
    author={Lea, Graham},
    year={2016}
},

@book{xa_spec,
    author = {X/Open Company Ltd., CORPORATE},
    title = {X/Open CAE Specification: Distributed Transaction Processing: CPI-C Specification, Version 2},
    year = {1996},
    isbn = {0-13-496407-1},
    publisher = {Prentice-Hall, Inc.},
    address = {Upper Saddle River, NJ, USA},
},

@article{byzantine-generals-problem,
    author = {Lamport, Leslie and Shostak, Robert and Pease, Marshall},
    title = {The Byzantine Generals Problem},
    year = {1982},
    month = {July},
    url = {https://www.microsoft.com/en-us/research/publication/byzantine-generals-problem/},
    pages = {382-401},
    journal = {ACM Transactions on Programming Languages and Systems},
    volume = {4/3},
}








%-----------------------------------------


@misc{microservices,
author={Lewis, James and Fowler, Martin},
title={Microservices},
url={http://martinfowler.com/articles/microservices.html},
urldate={2015-12-10},
journal={martinfowler.com},
year={2014}
},

@misc{silverware,
author={Silverware},
title={{SilverWare: Microservices}},
url={http://www.silverware.io/},
urldate={2015-12-10},
year={2015}
},

@misc{redhat,
author={{Red Hat, Inc.}},
title={The world's open source leader | Red Hat},
url={http://www.redhat.com/en},
urldate={2015-12-10},
year={2015}
},

@misc{vertx,
author={Vert.X},
title={Vert.x},
url={http://vertx.io/},
urldate={2015-12-10},
year={2015}
},

@misc{artemis,
author={{Apache Software Foundation}},
title={{ActiveMQ Artemis}},
url={https://activemq.apache.org/artemis/},
urldate={2015-12-10},
journal={Activemq.apache.org},
year={2015}
},

@misc{soa,
author={Barry, Douglas},
title={{Service-Oriented Architecture (SOA) Definition}},
url={http://www.service-architecture.com/articles/web-services/serviceoriented_architecture_soa_definition.html},
urldate={2015-11-24},
journal={Service Architecture},
year={2016}
},

@misc{intro_to_microservices,
author={{C. Richardson}},
title={{Introduction to Microservices | NGINX}},
url={https://www.nginx.com/blog/introduction-to-microservices/},
urldate={2015-11-24},
journal={NGINX},
year={2015}
},

@misc{inside_vertx,
author={Seongmin, Woo},
title={{Inside Vert.x. Comparison with Node.js. | CUBRID Blog}},
url={http://www.cubrid.org/blog/dev-platform/inside-vertx-comparison-with-nodejs/},
urldate={2015-11-23},
journal={Cubrid.org},
year={2016}
},

@misc{event_bus,
author={Vert.X},
title={{Vert.x Core Manual - Event Bus}},
url={http://vertx.io/docs/vertx-core/java/#event_bus},
urldate={2015-11-24},
journal={Vertx.io},
year={2016}
},

@misc{message_oriented_middleware,
author={{Oracle documentation}},
title={{Message-Oriented Middleware (MOM) (Sun Java System Message Queue 4.3 Technical Overview)}},
url={https://docs.oracle.com/cd/E19316-01/820-6424/aeraq/index.html},
urldate={2016-2-26},
journal={Docs.oracle.com},
year={2016}
},

@misc{jms_spec,
author={{Oracle}},
title={{Java(TM) Message Service Specification Final Release 1.1}},
url={http://download.oracle.com/otn-pub/jcp/7195-jms-1.1-fr-spec-oth-JSpec/jms-1_1-fr-spec.pdf?AuthParam=1459860643_bf4809a1a15a2cfff8541fae39f9cff4},
urldate={2016-4-05},
journal={Docs.oracle.com},
year={2016}
},

@misc{principles_of_microservices,
author={{S. Newman}},
title={{Principles of Microservices}},
url={http://samnewman.io/talks/principles-of-microservices/},
urldate={2016-4-6},
journal={Samnewman.io},
year={2016}
}

@misc{swagger,
author={{Swagger community}},
title={Swagger framework},
url={http://swagger.io/},
urldate={2016-3-18},
journal={Swagger.io},
year={2016}
},

@misc{humane_registry,
author={Fowler, Martin},
title={HumaneRegistry},
url={http://martinfowler.com/bliki/HumaneRegistry.html},
urldate={2016-3-18},
journal={martinfowler.com},
year={2008}
},

@misc{silverware_demos,
author={SilverWare-Demos},
title={SilverWare-Demos},
url={https://github.com/px3/SilverWare-Demos},
urldate={2016-3-31},
journal={SilverWare},
year={2016}
},

@book{activemq_in_action,
author={Snyder, Bruce and Bosnanac, Dejan and Davies, Rob},
title={{ActiveMQ in action}},
place={Greenwich, Conn.},
publisher={Manning},
year={2011}
},

@misc{hornetq,
author={{JBoss community}},
title={{HornetQ}},
url={http://hornetq.jboss.org/},
urldate={2016-4-5},
journal={Hornetq.jboss.org},
year={2016}
},

@misc{spring_ms,
author={Woods, Daniel},
title={{Building Microservices with Spring Boot}},
url={http://www.infoq.com/articles/boot-microservices},
urldate={2016-4-15},
journal={InfoQ},
year={2016}
},



@misc{perfcake,
author={{PerfCake community}},
title={PerfCake},
url={https://www.perfcake.org/},
urldate={2016-5-7},
journal={PerfCake},
year={2016}
},

@misc{my_github,
author={xstefank},
title={xstefank repositories},
url={https://github.com/xstefank},
urldate={2016-5-7},
journal={xstefank},
year={2016}
}